@inproceedings{venkatesan2024integrating,
  title={Integrating Machine Learning and IoT Technologies for Advancements in Solar Energy Systems},
  author={Venkatesan, G and Marimuthu, M and Gomathy, V and Saranya, N and Anandaram, Harishchander and Kumar, U Arun},
  booktitle={2024 3rd International Conference on Applied Artificial Intelligence and Computing (ICAAIC)},
  pages={1699--1705},
  year={2024},
  organization={IEEE}
}
@inproceedings{kazmi2023iot,
  title={IoT-Based Solar Power Forecasting Using Deep Learning},
  author={Kazmi, Touseef Hasan and Dalai, Sumant Kumar and Ranga Babu, P and Panda, Gayadhar},
  booktitle={International Symposium on Sustainable Energy and Technological Advancements},
  pages={81--91},
  year={2023},
  organization={Springer}
}
@article{feng2022multi,
  title={Multi-step-ahead solar output time series prediction with gate recurrent unit neural network using data decomposition and cooperation search algorithm},
  author={Feng, Zhong-kai and Huang, Qing-qing and Niu, Wen-jing and Yang, Tao and Wang, Jia-yang and Wen, Shi-ping},
  journal={Energy},
  volume={261},
  pages={125217},
  year={2022},
  publisher={Elsevier}
}
@article{tamil2023solar,
  title={Solar Energy Forecasting for Devices in IoT Smart Grid},
  author={Tamil Selvi, K and Mohana Saranya, S and Thamilselvan, R},
  journal={Smart Grids and Internet of Things: An Energy Perspective},
  pages={365--394},
  year={2023},
  publisher={Wiley Online Library}
}
@article{hu2024short,
  title={Short-Term Photovoltaic Power Generation Prediction Based on Copula Function and CNN-CosAttention-Transformer},
  author={Hu, Keyong and Fu, Zheyi and Lang, Chunyuan and Li, Wenjuan and Tao, Qin and Wang, Ben},
  journal={Sustainability},
  volume={16},
  number={14},
  pages={5940},
  year={2024},
  publisher={MDPI}
}
@article{cheng2024solar,
  title={Solar Power Generation Forecast Using Multivariate Convolution Gated Recurrent Unit Network},
  author={Cheng, Hsu-Yung and Yu, Chih-Chang},
  journal={Energies},
  volume={17},
  number={13},
  pages={3073},
  year={2024},
  publisher={Multidisciplinary Digital Publishing Institute}
}
@article{ferkous2024novel,
  title={A novel learning approach for short-term photovoltaic power forecasting-A review and case studies},
  author={Ferkous, Khaled and Guermoui, Mawloud and Menakh, Sarra and Bellaour, Abderahmane and Boulmaiz, Tayeb},
  journal={Engineering Applications of Artificial Intelligence},
  volume={133},
  pages={108502},
  year={2024},
  publisher={Elsevier}
}
@article{xinyuan_hou__2022,
  title={Solar Radiation Nowcasting Using a Markov Chain Multi-Model Approach},
  author={Xinyuan Hou and K. Papachristopoulou and Yves-Marie Saint-Drenan and Stelios Kazadzis},
  journal={Energies},
  year={2022},
  volume={15},
  number={9},
  pages={2996--2996},
  doi={10.3390/en15092996}
}
@article{fatma_mazen_ali_mazen__2023,
  title={Forecasting of Solar Power Using GRU–Temporal Fusion Transformer Model and DILATE Loss Function},
  author={Fatma Mazen Ali Mazen and Yomna O. Shaker and Rania Ahmed Abul Seoud},
  journal={Energies},
  year={2023},
  doi={10.3390/en16248105}
}
@book{box2015time,
  title={Time series analysis: forecasting and control},
  author={Box, George EP and Jenkins, Gwilym M and Reinsel, Gregory C and Ljung, Greta M},
  year={2015},
  publisher={John Wiley \& Sons}
}
@article{ewa_chodakowska__2024,
  title={Solar Radiation Forecasting: A Systematic Meta-Review of Current Methods and Emerging Trends},
  author={Ewa Chodakowska and Joanicjusz Nazarko and Łukasz Nazarko and Hesham S. Ahmad},
  journal={Energies},
  volume={17},
  number={13},
  pages={3156--3156},
  year={2024},
  doi={10.3390/en17133156}
}
@article{elsken2019neural,
  title={Neural architecture search: A survey},
  author={Elsken, Thomas and Metzen, Jan Hendrik and Hutter, Frank},
  journal={The Journal of Machine Learning Research},
  volume={20},
  number={1},
  pages={1997--2017},
  year={2019},
  publisher={JMLR.org}
}
@article{kraemer2020operationalizing,
  title={Operationalizing Solar Energy Predictions for Sustainable, Autonomous IoT Device Management},
  author={Kraemer, Frank Alexander and Palma, David and Braten, Anders Eivind and Ammar, Doreid},
  journal={IEEE Internet of Things Journal},
  volume={7},
  number={12},
  pages={11803--11814},
  year={2020},
  publisher={IEEE},
  doi={10.1109/JIOT.2020.3002330}
}
@inproceedings{zhou2021informer,
  title={Informer: Beyond efficient transformer for long sequence time-series forecasting},
  author={Zhou, Haoyi and Zhang, Shanghang and Peng, Jieqi and Zhang, Shuai and Li, Jianxin and Xiong, Hui and Zhang, Wancai},
  booktitle={Proceedings of the AAAI conference on artificial intelligence},
  volume={35},
pages={11106--11115},
  year={2021}
}
@article{wu2022timesnet,
  title={Timesnet: Temporal 2d-variation modeling for general time series analysis},
  author={Wu, Haixu and Hu, Tengge and Liu, Yong and Zhou, Hang and Wang, Jianmin and Long, Mingsheng},
  journal={arXiv preprint arXiv:2210.02186},
  year={2022},
  publisher={arXivpreprint}
}
@article{fan2023tedformer,
  title={TEDformer: Temporal Feature Enhanced Decomposed Transformer for Long-term Series Forecasting},
  author={Fan, Jiayi and Wang, Bingyao and Bian, Dong},
  journal={IEEE Access},
  year={2023},
  publisher={IEEE}
}
@article{liu2022non,
  title={Non-stationary transformers: Exploring the stationarity in time series forecasting},
  author={Liu, Yong and Wu, Haixu and Wang, Jianmin and Long, Mingsheng},
  journal={Advances in Neural Information Processing Systems},
  volume={35},
  pages={9881--9893},
  year={2022}
}
@article{wu2021edgelstm,
  title={EdgeLSTM: Towards deep and sequential edge computing for IoT applications},
  author={Wu, Di and Xu, He and Jiang, Zhongkai and Yu, Weiren and Wei, Xuetao and Lu, Jiwu},
  journal={IEEE/ACM Transactions on Networking},
  volume={29},
  number={4},
  pages={1895--1908},
  year={2021},
  publisher={IEEE}
}
@article{okieh2024enhanced,
  title={An Enhanced Forecasting Method of Daily Solar Irradiance in Southwestern France: A Hybrid Nonlinear Autoregressive with Exogenous Inputs with Long Short-Term Memory Approach},
  author={Okieh, Oubah Isman and Seker, Serhat and Gokce, Seckin and Dennenmoser, Martin},
  journal={Energies},
  volume={17},
  number={16},
  pages={1--21},
  year={2024},
  publisher={MDPI}
}
@article{lin2024hybrid,
  title={Hybrid Photovoltaic Output Forecasting Model with Temporal Convolutional Network Using Maximal Information Coefficient and White Shark Optimizer},
  author={Lin, Xilong and Niu, Yisen and Yan, Zixuan and Zou, Lianglin and Tang, Ping and Song, Jifeng},
  journal={Sustainability},
  volume={16},
  number={14},
  pages={6102},
  year={2024},
  publisher={MDPI}
}
@article{lakhdar_nadjib_boucetta__2024,
        title={ 4. Enhanced Forecasting Accuracy of a Grid-Connected Photovoltaic Power Plant: A Novel Approach Using Hybrid Variational Mode Decomposition and a CNN-LSTM Model },
        author={ Lakhdar Nadjib Boucetta and Youssouf Amrane and Aissa Chouder and Saliha Arezki and Sofiane Kichou },
        journal={ Energies },
        year={ 2024 },}

@article{hao2021hybrid,
  title={A hybrid deep learning model for traffic flow prediction based on TCN and GRU},
  author={Hao, Pengfei and Chen, Yan and Guo, Jun and Hu, Xiaolin and Sun, Zhiyong},
  journal={IEEE Access},
  volume={9},
  pages={154078--154088},
  year={2021},
  publisher={IEEE}
}

@article{venkateswaran2024efficient,
  title={Efficient solar power generation forecasting for greenhouses: A hybrid deep learning approach},
  author={Venkateswaran, Divyadharshini and Cho, Yongyun},
  journal={Alexandria Engineering Journal},
  volume={91},
  pages={222--236},
  year={2024},
  publisher={Elsevier}
} 

@article{michael2024cohesive,
  title={A cohesive structure of Bi-directional long-short-term memory (BiLSTM)-GRU for predicting hourly solar radiation},
  author={Michael, Neethu Elizabeth and Bansal, Ramesh C and Ismail, Ali Ahmed Adam and Elnady, A and Hasan, Shazia},
  journal={Renewable Energy},
  volume={222},
  pages={119943},
  year={2024},
  publisher={Elsevier}
}

@article{kraemer2020operationalizing,
  title={Operationalizing Solar Energy Predictions for Sustainable, Autonomous IoT Device Management},
  author={Kraemer, Frank Alexander and Palma, David and Braten, Anders Eivind and Ammar, Doreid},
  journal={IEEE Internet of Things Journal},
  year={2020},
  publisher={IEEE},
  doi={10.1109/JIOT.2020.3002330}
}

@inproceedings{pascanu2013difficulty,
  title={On the difficulty of training recurrent neural networks},
  author={Pascanu, Razvan and Mikolov, Tomas and Bengio, Yoshua},
  booktitle={International conference on machine learning},
  pages={1310--1318},
  year={2013},
  organization={PMLR}
}

@article{rostami2020challenges,
  title={On the Challenges of Modeling Long-Term Dependencies with Temporal Convolutional Networks},
  author={Rostami, Mohammad and Kolouri, Soheil and Eaton, Eric},
  journal={arXiv preprint arXiv:2003.08119},
  year={2020}
}


@inproceedings{li2021multi,
  title={Multi-step wind speed prediction based on a hybrid TCN-GRU model},
  author={Li, Wei and Yang, Haoran and Zhao, Jun and Liu, Wei and Zhang, Yujun},
  booktitle={2021 IEEE Sustainable Power and Energy Conference (iSPEC)},
  pages={1096--1101},
  year={2021},
  organization={IEEE}
}

@article{zhu2021hybrid,
  title={A hybrid deep learning model for PM2.5 concentration prediction based on TCN and GRU},
  author={Zhu, Lei and Zhou, Jun and Liu, Wei and Yang, Haoran and Li, Wei},
  journal={Environmental Pollution},
  volume={285},
  pages={117516},
  year={2021},
  publisher={Elsevier}
}
@article{elsken2019neural,
  title={Neural architecture search: A survey},
  author={Elsken, Thomas and Metzen, Jan Hendrik and Hutter, Frank},
  journal={The Journal of Machine Learning Research},
  volume={20},
  number={1},
  pages={1997--2017},
  year={2019},
  publisher={JMLR. org}
}

@article{jacob2018quantization,
  title={Quantization and training of neural networks for efficient integer-arithmetic-only inference},
  author={Jacob, Benoit and Kligys, Skirmantas and Chen, Bo and Zhu, Menglong and Tang, Matthew and Howard, Andrew and Adam, Hartwig and Kalenichenko, Dmitry},
  journal={Proceedings of the IEEE conference on computer vision and pattern recognition},
  pages={2704--2713},
  year={2018}
}
@article{blalock2020state,
  title={State-of-the-art in neural network pruning},
  author={Blalock, Davis and Gonzalez Ortiz, Jose Javier and Frankle, Jonathan and Guttag, John},
  journal={arXiv preprint arXiv:2003.03033},
  year={2020}
}
@article{xu2024complementary,
  title={A complementary fused method using GRU and XGBoost models for long-term solar energy hourly forecasting},
  author={Xu, Yaojian and Zheng, Shaifeng and Zhu, Qingling and Wong, Ka-chun and Wang, Xu and Lin, Qiuzhen},
  journal={Expert Systems with Applications},
  volume={254},
  pages={124286},
  year={2024},
  publisher={Elsevier}
}
@article{McPherson2007,
  title={Statewide monitoring of the mesoscale environment: A technical update on the Oklahoma Mesonet},
  author={McPherson, Renee A and Fiebrich, Christopher A and Crawford, Kenneth C and Brock, Fred V and Peckham, Steven E and others},
  journal={Journal of Atmospheric and Oceanic Technology},
  volume={24},
  number={3},
  pages={301--321},
  year={2007},
  publisher={American Meteorological Society}
}

@article{PedroCoimbra2012,
  title={Assessment of forecasting techniques for solar power production with no exogenous inputs},
  author={Pedro, H.T.C. and Coimbra, C.F.M.},
  journal={Solar Energy},
  volume={86},
  number={7},
  pages={2017--2028},
  year={2012},
  publisher={Elsevier}
}

@article{ZengQiao2013,
  title={Short-term solar power prediction using a support vector machine},
  author={Zeng, Jian and Qiao, Wei},
  journal={Renewable Energy},
  volume={52},
  pages={118--127},
  year={2013},
  publisher={Elsevier}
}

@inproceedings{Sharma2011,
  title={Predicting solar generation from weather forecasts using machine learning},
  author={Sharma, Nihar and Gummeson, Jacob and Irwin, David and Shenoy, Prashant},
  booktitle={2011 IEEE International Conference on Smart Grid Communications (SmartGridComm)},
  pages={528--533},
  year={2011},
  organization={IEEE}
}

@article{NamHur2018,
  title={Probabilistic Forecasting Model of Solar Power Outputs Based on the Naïve Bayes Classifier and Kriging Models},
  author={Nam, Sungil and Hur, Jin},
  journal={Energies},
  volume={11},
  number={11},
  pages={2982},
  year={2018},
  publisher={MDPI}
}

@article{Salcedo-Sanz2014,
  title={Prediction of Daily Global Solar Irradiation Using Temporal Gaussian Processes},
  author={Salcedo-Sanz, Sancho and Casanova-Mateo, Cristina and Sánchez-Fernández, Luis Payán and Capitán-Román, Francisco and others},
  journal={IEEE Geoscience and Remote Sensing Letters},
  volume={11},
  number={11},
  pages={1936--1940},
  year={2014},
  publisher={IEEE}
}

@article{HossainMahmood2020,
  title={Short-term photovoltaic power forecasting using an LSTM neural network and synthetic weather forecast},
  author={Hossain, Md Shamim and Mahmood, Hanif},
  journal={IEEE Access},
  volume={8},
  pages={172524--172533},
  year={2020},
  publisher={IEEE}
}

@article{Li2020,
  title={A hybrid deep learning model for short-term PV power forecasting},
  author={Li, Peng and Wang, Fang and Sun, Li and Wang, Wei and Li, Yang and Wang, Yuming and Xue, Ying},
  journal={Applied Energy},
  volume={259},
  pages={114216},
  year={2020},
  publisher={Elsevier}
}

@article{Akhter2022,
  title={An hour-ahead PV power forecasting method based on an RNN-LSTM model for three different PV plants},
  author={Akhter, Md Naim and Shawon, Mohammad SH and Rahman, Mohammad Mafizur and Hossain, Ekram and others},
  journal={Energies},
  volume={15},
  number={6},
  pages={2243},
  year={2022},
  publisher={MDPI}
}

@article{Shahid2020,
  title={Wind power prediction using a three stage genetic ensemble and auxiliary predictor},
  author={Shahid, Farah and Zameer, Aneela and Arshad, Junaid and Khan, Anwar Ali and Raja, M. A. Z.},
  journal={Applied Soft Computing},
  volume={90},
  pages={106151},
  year={2020},
  publisher={Elsevier}
}

@inproceedings{SongBrown2019,
  title={Multi-dimensional evaluation of temporal neural networks on solar irradiance forecasting},
  author={Song, Zhiguang and Brown, Lyle E},
  booktitle={2019 IEEE Innovative Smart Grid Technologies-Asia (ISGT Asia)},
  pages={4192--4197},
  year={2019},
  organization={IEEE}
}

@article{Zhou2022,
  title={Short-term photovoltaic power forecasting based on signal decomposition and machine learning optimization},
  author={Zhou, Yu and Wang, Dongxiao and Bao, Yinyu and Wang, Chenghui},
  journal={Energy Conversion and Management},
  volume={267},
  pages={115944},
  year={2022},
  publisher={Elsevier}
}

@article{Wang2020,
  title={A day-ahead pv power forecasting method based on lstm-rnn model and time correlation modification under partial daily pattern prediction framework},
  author={Wang, Fang and Xuan, Zhiqiang and Zhen, Zhendong and Li, Kunpeng and Wang, Tao and Shi, Min},
  journal={Energy Conversion and Management},
  volume={212},
  pages={112766},
  year={2020},
  publisher={Elsevier}
}
@article{Yan2021,
  title={Frequency-domain decomposition and deep learning based solar PV power ultra-short-term forecasting model},
  author={Yan, Jing and Li, Bingjie and  Shi, Jing and Liu, Hua and Li, Guojing},
  journal={IEEE Transactions on Industry Applications},
  volume={57},
  number={4},
  pages={3282--3295},
  year={2021},
  publisher={IEEE}
}

@article{Lara-Benitez2023,
  title={Short-term solar irradiance forecasting in streaming with deep learning},
  author={Lara-Benítez, Pedro and Carranza-García, Miguel and Luna-Romera, José Manuel and Riquelme, José Carlos},
  journal={Neurocomputing},
  volume={546},
  pages={126312},
  year={2023},
  publisher={Elsevier}
}

@article{Chang2019,
  title={An ensemble learning model based on Bayesian model combination for solar energy prediction},
  author={Chang, Jian-Feng and Xu, Rong-Gang and Ye, Zhen-Yu and Zheng, Yin and Zhang, Ning and Zhou, Biao},
  journal={Journal of Renewable and Sustainable Energy},
  volume={11},
  number={4},
  pages={043702},
  year={2019},
  publisher={AIP Publishing LLC}
}

@article{Ren2015,
  title={Ensemble methods for wind and solar power forecasting—A state-of-the-art review},
  author={Ren, Yukun and Suganthan, Ponnuthurai Nagaratnam and Srikanth, N.},
  journal={Renewable and Sustainable Energy Reviews},
  volume={50},
  pages={82--91},
  year={2015},
  publisher={Elsevier}
}

@article{Zhou2019,
  author={Zhou, H. and others},
  journal={IEEE Access},
  title={Short-Term Photovoltaic Power Forecasting Based on Long Short Term Memory Neural Network and Attention Mechanism},
  year={2019},
  volume={7},
  pages={78063-78074},
  doi={10.1109/ACCESS.2019.2921649}
}
@article{GruossoGajani2022,
  title={Comparison of machine learning algorithms for performance evaluation of photovoltaic energy forecasting and management in the tinyML framework},
  author={Gruosso, Gabriele and Gajani, Gianluca S.},
  journal={IEEE Access},
  volume={10},
  pages={121010--121020},
  year={2022},
  publisher={IEEE}
}

@inproceedings{Tran2022,
  title={Short-term solar power generation forecasting using edge AI},
  author={Tran, Duy Hung and Nguyen, Van Long and Nguyen, Hoang and Jang, Young-Min},
  booktitle={2022 13th International Conference on Information and Communication Technology Convergence (ICTC)},
  pages={341--343},
  year={2022},
  organization={IEEE}
}

@article{Kumar2018,
  title={A survey on machine learning frameworks for edge computing: Integrations,
  applications, challenges and future research directions},
  author={Kumar, Sunil and Goyal, Deepak and Varma, Vikram},
  journal={Journal of Network and Computer Applications},
  volume={103},
  pages={184--202},
  year={2018},
  publisher={Elsevier}
}

@inproceedings{Chen2020,
  title={Federated learning for edge computing: Concepts, benefits, challenges, and future directions},
  author={Chen, Mingzhe and Yang, Zijian and Zhu, Weiming and Zhang, Wanchun and Chen, Feifei and Liu, Shaowei},
  booktitle={Wireless Communications and Mobile Computing},
  year={2020},
  organization={Hindawi}
}

@article{Li2021,
  title={Deep learning model compression and optimization for resource-constrained IoT devices: A survey},
  author={Li, Hao and Ota, Kaoru and Dong, Mianxiong},
  journal={ACM Computing Surveys (CSUR)},
  volume={54},
  number={4},
  pages={1--36},
  year={2021},
  publisher={ACM New York, NY, USA}
}

@article{xinyuan_hou__2022,
        title={ Solar Radiation Nowcasting Using a Markov Chain Multi-Model Approach },
        author={ Xinyuan Hou and K. Papachristopoulou and Yves-Marie Saint-Drenan and Stelios Kazadzis },
        journal={ Energies },
        year={ 2022 },
        
        volume={ 15 },
        pages={ 2996-2996 },
        number={ 9 },
        
        
        doi={ 10.3390/en15092996 },  
      }

@article{fatma_mazen_ali_mazen__2023,
        title={ Forecasting of Solar Power Using GRU–Temporal Fusion Transformer Model and DILATE Loss Function },
        author={ Fatma Mazen Ali Mazen and Yomna O. Shaker and Rania Ahmed Abul Seoud },
        journal={ Energies },
        year={ 2023 },
        doi={ 10.3390/en16248105 },  
      }
@article{ewa_chodakowska__2024,
        title={ Solar Radiation Forecasting: A Systematic Meta-Review of Current Methods and Emerging Trends },
        author={ Ewa Chodakowska and Joanicjusz Nazarko and Łukasz Nazarko and Hesham S. Ahmad },
        journal={ Energies },
        year={ 2024 },
        publisher={ Multidisciplinary Digital Publishing Institute },
        volume={ 17 },
        pages={ 3156-3156 },
        number={ 13 },
        
        
        doi={ 10.3390/en17133156 },  
      }
